<record><leader>00000cas a22000007a 4500</leader><controlfield tag="001">12381049</controlfield><controlfield tag="008">850813d18791887wiuwr ne      0    0eng d</controlfield><datafield ind1=" " ind2=" " tag="010"><subfield code="a">sn 85040913 </subfield></datafield><datafield ind1=" " ind2=" " tag="040"><subfield code="a">NPV</subfield><subfield code="b">eng</subfield><subfield code="c">NPV</subfield><subfield code="d">OCLCQ</subfield></datafield><datafield ind1=" " ind2=" " tag="042"><subfield code="a">msc</subfield></datafield><datafield ind1=" " ind2=" " tag="045"><subfield code="a">w7w8</subfield></datafield><datafield ind1=" " ind2=" " tag="052"><subfield code="a">4123</subfield><subfield code="b">C5</subfield></datafield><datafield ind1="0" ind2=" " tag="130"><subfield code="a">True republican (Neillsville, Wis.)</subfield></datafield><datafield ind1="1" ind2="4" tag="245"><subfield code="a">The true republican.</subfield></datafield><datafield ind1=" " ind2=" " tag="260"><subfield code="a">Neillsville, Wis. :</subfield><subfield code="b">L.B. Ring,</subfield><subfield code="c">-1887.</subfield></datafield><datafield ind1=" " ind2=" " tag="300"><subfield code="a">v.</subfield></datafield><datafield ind1=" " ind2=" " tag="310"><subfield code="a">Weekly</subfield></datafield><datafield ind1="0" ind2=" " tag="362"><subfield code="a">-v.9, no. 24 (Dec. 15, 1887).</subfield></datafield><datafield ind1="1" ind2=" " tag="362"><subfield code="a">Began in July, 1879.</subfield><subfield code="z">Cf. Oehlerts, d. Guide to Wis. newspapers.</subfield></datafield><datafield ind1=" " ind2=" " tag="500"><subfield code="a">Editors: L.B. Ring, &lt;March, 18, 1880&gt;-Dec. 8, 1887; J.D. Brothers, M.F. Satterlee, &amp; G.A. Ure, Dec. 15, 1887.</subfield></datafield><datafield ind1=" " ind2=" " tag="530"><subfield code="a">Available on microfilm from The State Historical Society of Wisconsin.</subfield></datafield><datafield ind1=" " ind2=" " tag="588"><subfield code="a">Description based on: Vol. 1, no. 36 (Mar. 18, 1880).</subfield></datafield><datafield ind1=" " ind2=" " tag="752"><subfield code="a">United States</subfield><subfield code="b">Wisconsin</subfield><subfield code="c">Clark</subfield><subfield code="d">Neillsville.</subfield></datafield><datafield ind1="0" ind2="4" tag="785"><subfield code="t">Neillsville times</subfield><subfield code="w">(DLC)sn 85040914</subfield></datafield></record>